<?xml version='1.0' encoding='utf-8'?>
<record xmlns="http://www.loc.gov/MARC21/slim" xmlns:xsi="http://www.w3.org/2001/XMLSchema-instance">
  <leader>00000nkc^a2200229^a^4500</leader>
  <controlfield tag="001">008464869</controlfield>
  <controlfield tag="005">20100806104648.0</controlfield>
  <controlfield tag="007">co^mga|||muuuu</controlfield>
  <controlfield tag="008">050303s2005^^^^miunnn^g^^^^^^s^^^ineng^d</controlfield>
  <datafield tag="035" ind1=" " ind2=" ">
    <subfield code="a">(OCoLC)657607213</subfield>
  </datafield>
  <datafield tag="040" ind1=" " ind2=" ">
    <subfield code="a">MiU-H</subfield>
    <subfield code="c">MiU-H</subfield>
  </datafield>
  <datafield tag="041" ind1="0" ind2=" ">
    <subfield code="a">eng</subfield>
    <subfield code="a">ger</subfield>
    <subfield code="a">fre</subfield>
    <subfield code="a">spa</subfield>
    <subfield code="a">ita</subfield>
    <subfield code="a">jap</subfield>
  </datafield>
  <datafield tag="110" ind1="2" ind2=" ">
    <subfield code="a">DaimlerChrysler.</subfield>
  </datafield>
  <datafield tag="245" ind1="1" ind2="0">
    <subfield code="a">Chrysler Group concepts</subfield>
    <subfield code="h">[electronic resource] /</subfield>
    <subfield code="c">DaimlerChrysler.</subfield>
  </datafield>
  <datafield tag="260" ind1=" " ind2=" ">
    <subfield code="a">Auburn Hills, MI :</subfield>
    <subfield code="b">DaimlerChrysler,</subfield>
    <subfield code="c">2005.</subfield>
  </datafield>
  <datafield tag="300" ind1=" " ind2=" ">
    <subfield code="a">1 CD-ROM ;</subfield>
    <subfield code="c">4 3/4 in.</subfield>
  </datafield>
  <datafield tag="500" ind1=" " ind2=" ">
    <subfield code="a">"2005 Press Information"--disc label.</subfield>
  </datafield>
  <datafield tag="538" ind1=" " ind2=" ">
    <subfield code="a">System requirements: CD-ROM drive.</subfield>
  </datafield>
  <datafield tag="505" ind1="0" ind2=" ">
    <subfield code="a">Releases -- Photography -- Contact us/About CD.</subfield>
  </datafield>
  <datafield tag="650" ind1=" " ind2="0">
    <subfield code="a">Jeep automobile</subfield>
    <subfield code="x">Design and construction.</subfield>
  </datafield>
  <datafield tag="650" ind1=" " ind2="0">
    <subfield code="a">Chrysler automobile</subfield>
    <subfield code="x">Design and construction.</subfield>
  </datafield>
  <datafield tag="655" ind1=" " ind2="7">
    <subfield code="a">CD-ROMs.</subfield>
    <subfield code="2">aat</subfield>
  </datafield>
  <datafield tag="852" ind1="8" ind2=" ">
    <subfield code="a">MiU-H</subfield>
    <subfield code="b">BENT</subfield>
    <subfield code="h">2010154 Aa 2</subfield>
  </datafield>
  <datafield tag="997" ind1=" " ind2=" ">
    <subfield code="a">MARS</subfield>
  </datafield>
  <datafield tag="998" ind1=" " ind2=" ">
    <subfield code="c">OV</subfield>
  </datafield>
  <datafield tag="955" ind1=" " ind2=" ">
    <subfield code="b">BENT</subfield>
    <subfield code="p">B4204441</subfield>
  </datafield>
</record>
